@manual{Anleitungalt,
  author = {Lehrstuhl für Experimentelle Physik I},
  title = {Röntgenreflektometrie Versuch},
  year = 2007,
  url = {http://e1.physik.tu-dortmund.de/cms/Medienpool/Downloads/Roentgenreflektometrie_Versuch.pdf}
}

@maunal{Anleitung,
  author = {TU Dortmund},
  title = {V44 Röntgenreflektometrie},
  url = {https://moodle.tu-dortmund.de/pluginfile.php/1278137/mod_resource/content/1/V44.pdf},
  year = 2019
}
