@manual{alt,
  author = {TU Dortmund},
  title = {Altanleitung zum Versuch 27: Zeeman-Effekt},
}

