@manual{Anleitung,
  author = {TU Dortmund},
  title = {Versuchsanleitung V48-Dipolrelaxation in Ionenkristallen},
  url = {https://moodle.tu-dortmund.de/pluginfile.php/1136044/mod_resource/content/1/V48.pdf},
  date = {20.06.2020},
}
