@manual{Anleitung,
  author = {TU Dortmund},
  title = {Versuchsanleitung zu V49: Messung von Diffusionskonstanten mittels gepulster Kernspinresonanz},
  year = 2019
}

@ARTICLE{scipy,
  author  = {Virtanen, Pauli and Gommers, Ralf and Oliphant, Travis E. and
            Haberland, Matt and Reddy, Tyler and Cournapeau, David and
            Burovski, Evgeni and Peterson, Pearu and Weckesser, Warren and
            Bright, Jonathan and {van der Walt}, St{\'e}fan J. and
            Brett, Matthew and Wilson, Joshua and Millman, K. Jarrod and
            Mayorov, Nikolay and Nelson, Andrew R. J. and Jones, Eric and
            Kern, Robert and Larson, Eric and Carey, C J and
            Polat, {\.I}lhan and Feng, Yu and Moore, Eric W. and
            {VanderPlas}, Jake and Laxalde, Denis and Perktold, Josef and
            Cimrman, Robert and Henriksen, Ian and Quintero, E. A. and
            Harris, Charles R. and Archibald, Anne M. and
            Ribeiro, Ant{\^o}nio H. and Pedregosa, Fabian and
            {van Mulbregt}, Paul and {SciPy 1.0 Contributors}},
  title   = {{{SciPy} 1.0: Fundamental Algorithms for Scientific
            Computing in Python}},
  journal = {Nature Methods},
  year    = {2020},
  volume  = {17},
  pages   = {261--272},
  adsurl  = {https://rdcu.be/b08Wh},
  doi     = {10.1038/s41592-019-0686-2},
}

@article{numpy,
  author          = {Travis E. Oliphant},
  title           = {NumPy: Python for Scientific Computing},
  journal         = {Computing in Science and Engineering },
  volume          = {9.3},
  year            = {2007},
  url = {https://www.numpy.org}
}

@article{vis,
  author          = {Joseph Kestin, Mordechai Sokolov und William A. Wakehame},
  title           = {Viscosity of liquid water in range -8°C to 150°C},
  journal         = {Journal of Physical and Chemical Reference Data},
  volume          = {7.3},
  year            = {1978},
  doi             = {10.1063/1.555581},
}

@manual{rho,
  author          = {Natinal Library of Medicine},
  url             = {https://pubchem.ncbi.nlm.nih.gov/compound/Water#datasheet=LCSS&section=Solubility}
}

@manual{diff, 
  author = {DC Chang u.a.},
  title = {Spin echo studies on cellular water},
  journal = {Nature},
  year = {1972}
}

@manual{radius,
  title        = {Molecular volumes and the Stokes-Einstein equation},
  author       = {John T. Edward},
  journal = {Journal of Chemical Education},
  year = 1970,
  doi = {10.1021/ed047p261}
}

@article{spinecho,
  title           = {Spin echo},
  journal         = {ResearchGate},
  year            = {20019},
  url = {https://www.researchgate.net/figure/The-spin-echo-pulse-sequence-showing-the-evolution-of-magnetization-vectors_fig23_301565192/actions#reference}
}

@manual{Anleitung2,
  author = {TU Dortmund},
  title = {Messung von Diffusionskonstanten mittels gepulster Kernspinresonanz: Grundlagen, Wechselwirkungen, Pulsfolgen, Relaxationstheorie und Quadraturdetektion},
  year = 2019
}