@manual{Anleitung,
  author = {TU Dortmund},
  title = {Versuch 47 - Temperaturabhängigkeit der Molwärme von Festkörpern},
  year = 2020
}

@misc{Molare,
  author = {Orson L. Anderson},
  title = {Thermodynamic Functions and Properties of MgO at High Compression and High Temperature},
  url = {https://aip.scitation.org/doi/pdf/10.1063/1.555873},
  note = {29. Juni 2019},
}

@misc{KompDichte,
  author = {Yu.M. Poluektov},
  title = {The two-parameter Debye model},
  url = {http://www.periodensystem-online.de/index.php?el=29&id=modify},
  note = {13. April 2020},
}
